<?xml version="1.0" encoding="UTF-8" ?>
<collection xmlns:xsi="http://www.w3.org/2001/XMLSchema-instance"
    xsi:schemaLocation="http://www.loc.gov/MARC21/slim
        http://www.loc.gov/standards/marcxml/schema/MARC21slim.xsd"
    xmlns="http://www.loc.gov/MARC21/slim">
<record>
  <leader>00282cam a2200553 ia4500</leader>
  <controlfield tag="001">b12362839</controlfield>
  <controlfield tag="003">LeBAU</controlfield>
  <controlfield tag="005">20180201</controlfield>
  <controlfield tag="008">970223s1945    tu            ||0 0 ara d</controlfield>
  <datafield tag="035" ind1=" " ind2=" ">
    <subfield code="a">ocm50579012 </subfield>
  </datafield>
  <datafield tag="040" ind1=" " ind2=" ">
    <subfield code="a">LEAUB</subfield>
    <subfield code="b">ara</subfield>
    <subfield code="e">rda</subfield>
    <subfield code="c">LEAUB</subfield>
    <subfield code="d">LEAUB</subfield>
  </datafield>
  <datafield tag="041" ind1="0" ind2=" ">
    <subfield code="a">ara</subfield>
    <subfield code="b">fre</subfield>
  </datafield>
  <datafield tag="082" ind1="0" ind2="4">
    <subfield code="a">189.3</subfield>
    <subfield code="2">22</subfield>
  </datafield>
  <datafield tag="100" ind1="1" ind2=" ">
    <subfield code="6">880-01</subfield>
    <subfield code="a">Suhrawardī, Yaḥyá ibn Ḥabash,</subfield>
    <subfield code="d">1152 or 1153-1191,</subfield>
    <subfield code="e">author.</subfield>
  </datafield>
  <datafield tag="245" ind1="1" ind2="0">
    <subfield code="6">880-02</subfield>
    <subfield code="a">Majmūʻah fī al-ḥikmah al-ilāhīyah /</subfield>
    <subfield code="c">min muṣannafāt Shihāb al-Dīn Yaḥyá ibn Ḥabash al-Suhrawardī ; ʻuniya bi-taṣḥīḥihi H. Kūrbīn = OPERA METAPHYSICA ET MYSTICA / ṢIHĀBADDĪN YAḤYĀ AS-SUHRAWARDĪ / EDIDIT ET PROLEGOMENIS INSTRUXIT HENRICUS CORBIN.</subfield>
  </datafield>
  <datafield tag="246" ind1="3" ind2="1">
    <subfield code="a">OEUVRES PHILOSOPHIQUES ET MYSTIQUES DE SHIHABADDIN YAHYA SOHRAWARDI</subfield>
    <subfield code="i">Parallel title on volume 2:</subfield>
  </datafield>
  <datafield tag="246" ind1="1" ind2=" ">
    <subfield code="6">880-03</subfield>
    <subfield code="i">عنوان الجزء الثاني الموازي:</subfield>
    <subfield code="a">OEUVRES PHILOSOPHIQUES ET MYSTIQUES DE SHIHABADDIN YAHYA SOHRAWARDI</subfield>
  </datafield>
  <datafield tag="264" ind1=" " ind2="1">
    <subfield code="6">880-04</subfield>
    <subfield code="a">Istānbūl :</subfield>
    <subfield code="b">Maṭbaʻat al-Maʻārif,</subfield>
    <subfield code="c">1945.</subfield>
  </datafield>
  <datafield tag="300" ind1=" " ind2=" ">
    <subfield code="6">880-05</subfield>
    <subfield code="a">2 volumes ;</subfield>
    <subfield code="c">25 cm.</subfield>
  </datafield>
  <datafield tag="336" ind1=" " ind2=" ">
    <subfield code="a">text</subfield>
    <subfield code="b">txt</subfield>
    <subfield code="2">rdacontent</subfield>
  </datafield>
  <datafield tag="337" ind1=" " ind2=" ">
    <subfield code="a">unmediated</subfield>
    <subfield code="b">n</subfield>
    <subfield code="2">rdamedia</subfield>
  </datafield>
  <datafield tag="338" ind1=" " ind2=" ">
    <subfield code="a">volume</subfield>
    <subfield code="b">nc</subfield>
    <subfield code="2">rdacarrier</subfield>
  </datafield>
  <datafield tag="490" ind1="1" ind2=" ">
    <subfield code="6">880-06</subfield>
    <subfield code="a">al-Nashrīyāt al-Islāmīyah ;</subfield>
    <subfield code="v">16/1</subfield>
  </datafield>
  <datafield tag="500" ind1=" " ind2=" ">
    <subfield code="a">النشريات الاسلامية لجمعية المستشرقين الالمانية.</subfield>
  </datafield>
  <datafield tag="546" ind1=" " ind2=" ">
    <subfield code="a">النص بالعربية؛ مع مقدمة بالفرنسية.</subfield>
  </datafield>
  <datafield tag="650" ind1=" " ind2="4">
    <subfield code="a">الفلسفة العربية</subfield>
    <subfield code="v">اعمال قديمة حتى 1800.</subfield>
  </datafield>
  <datafield tag="650" ind1=" " ind2="4">
    <subfield code="a">الفلسفة الإيرانية</subfield>
    <subfield code="v">أعمال قديمة حتى 1800.</subfield>
  </datafield>
  <datafield tag="650" ind1=" " ind2="4">
    <subfield code="a">التصوف</subfield>
    <subfield code="x">الاسلام</subfield>
    <subfield code="v">اعمال قديمة حتى 1800.</subfield>
  </datafield>
  <datafield tag="650" ind1=" " ind2="0">
    <subfield code="a">Philosophy, Arab</subfield>
    <subfield code="v">Early works to 1800.</subfield>
  </datafield>
  <datafield tag="650" ind1=" " ind2="0">
    <subfield code="a">Philosophy, Iranian</subfield>
    <subfield code="v">Early works to 1800.</subfield>
  </datafield>
  <datafield tag="650" ind1=" " ind2="0">
    <subfield code="a">Mysticism</subfield>
    <subfield code="x">Islam</subfield>
    <subfield code="v">Early works to 1800.</subfield>
  </datafield>
  <datafield tag="700" ind1="1" ind2=" ">
    <subfield code="6">880-07</subfield>
    <subfield code="a">Corbin, Henry,</subfield>
    <subfield code="e">compiler.</subfield>
  </datafield>
  <datafield tag="785" ind1="0" ind2="0">
    <subfield code="6">880-08</subfield>
    <subfield code="i">is continued by (work)</subfield>
    <subfield code="4">http://rdaregistry.info/Elements/w/P10191:</subfield>
    <subfield code="t">Majmūʼah-ʻi duvvum-i muṣannāfāt-i Shaykh Ishrāq Shahāb al-Dīn Yaḥyā Suhrawardī dar hikmat-i Ilāhī.</subfield>
    <subfield code="d">Tihrān : Instītū-yi Īrān va Frānsah, Qismat-i Īranshināsī, 1331 [H. Sh.] = 1952 [M.].</subfield>
    <subfield code="g">volume 2</subfield>
    <subfield code="w">(OCoLC)784268719</subfield>
    <subfield code="w">(OCoLC)784268719</subfield>
  </datafield>
  <datafield tag="830" ind1=" " ind2="0">
    <subfield code="6">880-09</subfield>
    <subfield code="a">al-Nashrīyāt al-Islāmīyah ;</subfield>
    <subfield code="v">16/1.</subfield>
  </datafield>
  <datafield tag="852" ind1=" " ind2=" ">
    <subfield code="a">Jafet Library</subfield>
    <subfield code="e">American University of Beirut, Bliss Street , Beirut, Lebanon.</subfield>
  </datafield>
  <datafield tag="880" ind1="1" ind2=" ">
    <subfield code="6">100-01/(3/r</subfield>
    <subfield code="a">السهروردي، يحيى بن حبش،</subfield>
    <subfield code="d">1152 او 1153-1191،</subfield>
    <subfield code="e">مؤلف. </subfield>
    <subfield code="4">aut.</subfield>
  </datafield>
  <datafield tag="880" ind1=" " ind2="1">
    <subfield code="6">264-04/(3/r</subfield>
    <subfield code="a">استانبول :</subfield>
    <subfield code="b">مطبعة المعارف،</subfield>
    <subfield code="c">1945.</subfield>
  </datafield>
  <datafield tag="880" ind1="1" ind2="0">
    <subfield code="6">245-02/(3/r</subfield>
    <subfield code="a">مجموعة في الحكمة الإلهية /</subfield>
    <subfield code="c">من مصنفات شهاب الدين يحي بن حبش السهروردي ؛ عني بتصحيحه هـ. كوربين = OPERA METAPHYSICA ET MYSTICA / ṢIHĀBADDĪN YAḤYĀ AS-SUHRAWARDĪ / EDIDIT ET PROLEGOMENIS INSTRUXIT HENRICUS CORBIN.</subfield>
  </datafield>
  <datafield tag="880" ind1="1" ind2=" ">
    <subfield code="6">246-03/(3/r</subfield>
    <subfield code="i">Parallel title on volume 2:</subfield>
    <subfield code="a">OPERA METAPHYSICA ET MYSTICA</subfield>
  </datafield>
  <datafield tag="880" ind1=" " ind2=" ">
    <subfield code="6">300-05/(3/r</subfield>
    <subfield code="a">2 جزء ؛</subfield>
    <subfield code="c">25 سم.</subfield>
  </datafield>
  <datafield tag="880" ind1="1" ind2=" ">
    <subfield code="6">490-06/(3/r</subfield>
    <subfield code="a">النشرات الاسلامية ؛</subfield>
    <subfield code="v">16/1</subfield>
  </datafield>
  <datafield tag="880" ind1="1" ind2=" ">
    <subfield code="6">700-07/(3/r</subfield>
    <subfield code="a">كوربان، هنري،</subfield>
    <subfield code="e">معد. </subfield>
    <subfield code="4">com.</subfield>
  </datafield>
  <datafield tag="880" ind1=" " ind2="3">
    <subfield code="6">830-09/(3/r</subfield>
    <subfield code="a">النشرات الاسلامية ؛</subfield>
    <subfield code="v">16/1.</subfield>
  </datafield>
  <datafield tag="880" ind1="0" ind2="0">
    <subfield code="6">785-08/(3/r</subfield>
    <subfield code="i">يكمل (عمل)</subfield>
    <subfield code="4">http://rdaregistry.info/Elements/w/P10191:</subfield>
    <subfield code="t">مجموعة دوم مصنفات شيخ إشراق شهاب الدين يحيى سهروردي در حكمت إلهي.</subfield>
    <subfield code="d">تهران : انستيتو إيران وفرانسه، قسمت ايرانشناسى، 1331 [هـ. ش.] = 1952 [م.].</subfield>
    <subfield code="g">الجزء الثاني</subfield>
    <subfield code="w">b12364903</subfield>
    <subfield code="w">(OCoLC)784268719</subfield>
  </datafield>
  <datafield tag="907" ind1=" " ind2=" ">
    <subfield code="a">.b12362839</subfield>
    <subfield code="b">18-02-07</subfield>
    <subfield code="c">11-05-24</subfield>
  </datafield>
  <datafield tag="907" ind1=" " ind2=" ">
    <subfield code="a">.b12362839</subfield>
    <subfield code="b">15-10-15</subfield>
    <subfield code="c">11-05-24</subfield>
  </datafield>
  <datafield tag="945" ind1=" " ind2=" ">
    <subfield code="f">J</subfield>
    <subfield code="a">189.3:S947mA:v.1:c.1</subfield>
    <subfield code="g">1</subfield>
    <subfield code="i">01007985</subfield>
    <subfield code="j">.i12811191</subfield>
    <subfield code="l">u0503</subfield>
  </datafield>
  <datafield tag="945" ind1=" " ind2=" ">
    <subfield code="f">J</subfield>
    <subfield code="a">189.3:S947mA:v.1:c.2</subfield>
    <subfield code="g">1</subfield>
    <subfield code="i">01007986</subfield>
    <subfield code="j">.i12811208</subfield>
    <subfield code="l">u0503</subfield>
  </datafield>
  <datafield tag="998" ind1=" " ind2=" ">
    <subfield code="a">u05</subfield>
    <subfield code="b">97-02-23</subfield>
    <subfield code="c">m</subfield>
    <subfield code="d">a</subfield>
    <subfield code="e">-</subfield>
    <subfield code="f">ara</subfield>
    <subfield code="g">tu </subfield>
    <subfield code="h">0</subfield>
    <subfield code="i">2</subfield>
  </datafield>
</record>
</collection>
